<?xml version="1.0" encoding="utf-8"?>
<record xmlns="http://www.loc.gov/MARC21/slim" xmlns:xsi="http://www.w3.org/2001/XMLSchema-instance" xsi:schemaLocation="http://www.loc.gov/MARC21/slim http://www.loc.gov/standards/marcxml/schema/MARC21slim.xsd">
	<leader>     nam a22        4500</leader>
	<controlfield tag="001">003085257</controlfield>
	<controlfield tag="003">NNU</controlfield>
	<controlfield tag="006">m        d        </controlfield>
	<controlfield tag="007">cr cn |||m|||a</controlfield>
	<controlfield tag="008">160802m19621964sy      ob    001 0 arard</controlfield>
	<datafield ind1=" " ind2=" " tag="040">
		<subfield code="a">NNU</subfield>
		<subfield code="b">eng</subfield>
		<subfield code="c">NNU</subfield>
	</datafield>
	<datafield ind1="0" ind2=" " tag="050">
		<subfield code="a">PJ7750.A25</subfield>
		<subfield code="b">Z7</subfield>
	</datafield>
	<datafield ind1="1" ind2=" " tag="100">
		<subfield code="6">880-01</subfield>
		<subfield code="a">Jundī, Muḥammad Salīm,</subfield>
		<subfield code="d">1880-1955.</subfield>
	</datafield>
	<datafield ind1="1" ind2="3" tag="245">
		<subfield code="6">880-02</subfield>
		<subfield code="a">al-Jāmiʻ fī akhbār Abī al-ʻAlāʼ al-Maʻarrī wa-āthārihi</subfield>
		<subfield code="h">[electronic resource] /</subfield>
		<subfield code="c">allafahu Muḥammad Salīm al-Jundī ; ʻallaqa ʻalayhi wa-ashrafa ʻalá ṭabʻihi ʻAbd al-Hādī Hāshim.</subfield>
	</datafield>
	<datafield ind1=" " ind2=" " tag="260">
		<subfield code="6">880-03</subfield>
		<subfield code="a">Dimashq :</subfield>
		<subfield code="b">al-Majmaʻ al-ʻIlmī al-ʻArabī bi-Dimashq,</subfield>
		<subfield code="c">1382-1384 [1962-1964]</subfield>
	</datafield>
	<datafield ind1=" " ind2=" " tag="300">
		<subfield code="a">online resource (3 v. (7, 1986 p.))</subfield>
	</datafield>
	<datafield ind1="1" ind2=" " tag="490">
		<subfield code="6">880-04</subfield>
		<subfield code="a">Maṭbūʻāt al-Majmaʻ al-ʻIlmī al-ʻArabī bi-Dimashq.</subfield>
	</datafield>
	<datafield ind1=" " ind2=" " tag="500">
		<subfield code="a">Part of the Arabic Collections Online (ACO) project, contributed by New York Univeristy Libraries.</subfield>
	</datafield>
	<datafield ind1=" " ind2=" " tag="504">
		<subfield code="a">Includes bibliographical references and indexes.</subfield>
	</datafield>
	<datafield ind1=" " ind2=" " tag="533">
		<subfield code="a">Electronic reproduction.</subfield>
		<subfield code="b">New York, N.Y. :</subfield>
		<subfield code="c">New York University,</subfield>
		<subfield code="d">2016.</subfield>
		<subfield code="5">NNU</subfield>
	</datafield>
	<datafield ind1="0" ind2="0" tag="600">
		<subfield code="6">880-05</subfield>
		<subfield code="a">Abū al-ʻAlāʼ al-Maʻarrī,</subfield>
		<subfield code="d">973-1057.</subfield>
	</datafield>
	<datafield ind1="1" ind2=" " tag="700">
		<subfield code="6">880-06</subfield>
		<subfield code="a">Hāshim, ʻAbd al-Hādī.</subfield>
	</datafield>
	<datafield ind1="2" ind2=" " tag="710">
		<subfield code="a">New York University.</subfield>
		<subfield code="b">Libraries.</subfield>
	</datafield>
	<datafield ind1="0" ind2=" " tag="730">
		<subfield code="a">Arabic Collections Online.</subfield>
	</datafield>
	<datafield ind1="0" ind2="8" tag="776">
		<subfield code="i">Print version:</subfield>
		<subfield code="a">Jundī, Muḥammad Salīm, 1880-1955.</subfield>
		<subfield code="t">al-Jāmiʻ fī akhbār Abī al-ʻAlāʼ al-Maʻarrī wa-āthārihi</subfield>
		<subfield code="w">(NNU)003085257</subfield>
		<subfield code="w">(DLC)ne 64000149</subfield>
	</datafield>
	<datafield ind1="4" ind2="0" tag="856">
		<subfield code="u">http://hdl.handle.net/2333.1/0vt4bcpk</subfield>
	</datafield>
	<datafield ind1="1" ind2=" " tag="880">
		<subfield code="6">100-01/</subfield>
		<subfield code="a">جندي، محمد سليم.</subfield>
	</datafield>
	<datafield ind1="1" ind2="2" tag="880">
		<subfield code="6">245-02/</subfield>
		<subfield code="a">الجامع في اخبار ابي العلاء المعاري وآثاره /</subfield>
		<subfield code="c">الفه محمد سليم الجندي ؛ علق عليه واشرف على طبعه عبد الهادي هاشم.</subfield>
	</datafield>
	<datafield ind1=" " ind2=" " tag="880">
		<subfield code="6">260-03/</subfield>
		<subfield code="a">دمشق :</subfield>
		<subfield code="b">المجمع العلمي العربي بدمشق،</subfield>
		<subfield code="c">1382-1384 [1962-1964]</subfield>
	</datafield>
	<datafield ind1="1" ind2=" " tag="880">
		<subfield code="6">490-04/</subfield>
		<subfield code="a">مطبوعات المجمع العلمي العربي بدمشق.</subfield>
	</datafield>
	<datafield ind1="0" ind2="0" tag="880">
		<subfield code="6">600-05/</subfield>
		<subfield code="a">ابو العلاء المعاري.</subfield>
	</datafield>
	<datafield ind1="1" ind2=" " tag="880">
		<subfield code="6">700-06/</subfield>
		<subfield code="a">هاشم، عبد الهادي.</subfield>
	</datafield>
	<datafield ind1=" " ind2="0" tag="830">
		<subfield code="6">880-07</subfield>
		<subfield code="a">Maṭbūʻāt al-Majmaʻ al-ʻIlmī al-ʻArabī bi-Dimashq.</subfield>
	</datafield>
	<datafield ind1=" " ind2="0" tag="880">
		<subfield code="6">830-07/</subfield>
		<subfield code="a">مطبوعات المجمع العلمي العربي بدمشق.</subfield>
	</datafield>
	<datafield ind1=" " ind2=" " tag="959">
		<subfield code="a">NNU</subfield>
		<subfield code="b">WEB</subfield>
		<subfield code="c">GENI</subfield>
		<subfield code="t">0</subfield>
		<subfield code="m">Electronic access</subfield>
		<subfield code="s">01</subfield>
	</datafield>
	<datafield ind1=" " ind2=" " tag="999">
		<subfield code="i">NNU_003085257</subfield>
		<subfield code="s">nyu_aco001859:v.1</subfield>
	</datafield>
</record>
